%@book{prasad2004ofdm,
  %title={OFDM for wireless communications systems},
  %author={Prasad, Ramjee},
  %year={2004},
  %publisher={Artech House}
%}

%@webpage{blueesptec,
 % title={Bluetooth - Especificações Técnicas},
  %url={http://www.gta.ufrj.br/grad/09\_1/versao-final/bluetooth/Page323.htm},
  %data={04-12-2016},
  %month={Dezembro},
  %year={2016}
%}

%367969507b2209c94a4b23992a50d425dfab.pdf
@article{safran2007toward,
  title={Toward a national framework for the secondary use of health data: an American Medical Informatics Association White Paper},
  author={Safran, Charles and Bloomrosen, Meryl and Hammond, W Edward and Labkoff, Steven and Markel-Fox, Suzanne and Tang, Paul C and Detmer, Don E},
  journal={Journal of the American Medical Informatics Association},
  volume={14},
  number={1},
  pages={1--9},
  year={2007},
  publisher={BMJ Group BMA House, Tavistock Square, London, WC1H 9JR}
}