%@book{prasad2004ofdm,
  %title={OFDM for wireless communications systems},
  %author={Prasad, Ramjee},
  %year={2004},
  %publisher={Artech House}
%}

%@webpage{blueesptec,
 % title={Bluetooth - Especificações Técnicas},
  %url={http://www.gta.ufrj.br/grad/09\_1/versao-final/bluetooth/Page323.htm},
  %data={04-12-2016},
  %month={Dezembro},
  %year={2016}
%}

%%367969507b2209c94a4b23992a50d425dfab.pdf
@article{safran2007toward,
  title={Toward a national framework for the secondary use of health data: an American Medical Informatics Association White Paper},
  author={Safran, Charles and Bloomrosen, Meryl and Hammond, W Edward and Labkoff, Steven and Markel-Fox, Suzanne and Tang, Paul C and Detmer, Don E},
  journal={Journal of the American Medical Informatics Association},
  volume={14},
  number={1},
  pages={1--9},
  year={2007},
  publisher={BMJ Group BMA House, Tavistock Square, London, WC1H 9JR}
}

%%Publica__o_Parecer_-_ERS_016_2015.pdf
@misc{parecerERS2015,
    author={Conselho de Administra{\c{c}}{\~a}o da ERS (Entidade Reguladora da Sa{\'u}de)},
    title={Parecer sobre o acesso a informa{\c{c}}{\~a}o de sa{\'u}de},
    year={2015},
    url={https://www.ers.pt/uploads/writer_file/document/1582/Publica__o_Parecer_-_ERS_016_2015.pdf}
}

%%tertulia_1.pdf
@misc{CNPDinfsaude2014,
    author={Isabel Cruz},
    title={Protec{\c{c}}{\~a}o de Dados na Informa{\c{c}}{\~a}o de Sa{\'u}de},
    year={2014},
    url={https://www.aphh.pt/wp-content/uploads/2014/11/tertulia_1.pdf}
}

%%___Regulamento n.pdf
@article{regulamentodeonmedic,
  title={Regulamento de Deontologia M{\'e}dica},
  author={dos M{\'e}dicos, Ordem},
  journal={Di{\'a}rio da Rep{\'u}blica Eletr{\'o}nico},
  year={2016}
}

%%Consolidação_106487526_28-04-2017.pdf
@article{consolidacaoinfsaude,
  title={Informa{\c{c}}{\~a}o gen{\'e}tica pessoal e informa{\c{c}}{\~a}o de sa{\'u}de},
  author={Assembleia da Rep{\'u}blica},
  journal={Di{\'a}rio da Rep{\'u}blica Eletr{\'o}nico},
  year={2005}
}

%%http://im.med.up.pt/seguranca/index.html
@webpage{segurancaSI,
  title={Seguran{\c{c}}a em Sistemas de Informa{\c{c}}{\~a}o na {\'a}rea da Sa{\'u}de},
  url={http://im.med.up.pt/seguranca/index.html},
  data={04-12-2017},
  month={Dezembro},
  year={2017}
}

%%Protocolo-de-Colaboracao-CNCS-SPMS_Signed
@misc{colabCNCS_SPMS,
    title={Protocolo de coopera{\c{c}}{\~a}o entre o Gabinete Nacional de Seguran{\c{c}}a/Centro Nacional de Ciberseguran{\c{c}}a e a SPMS - Servi{\c{c}}os Partilhados do Minist{\'e}rio da Sa{\'u}de, E.P.E.},
    year={2017},
    url={http://spms.min-saude.pt/wp-content/uploads/2017/02/Protocolo-de-Colaboracao-CNCS-SPMS_Signed.pdf}
}

%%Comunicação em saúde e a segurança do doente.pdf
@article{santos2010comunicaccao,
  title={Comunica{\c{c}}{\~a}o em sa{\'u}de e a seguran{\c{c}}a do doente: problemas e desafios},
  author={Santos, Margarida Cust{\'o}dio dos and Grilo, Ana Monteiro and Andrade, Gra{\c{c}}a and Guimar{\~a}es, Teresa and Gomes, Ana},
  journal={Revista portuguesa de sa{\'u}de p{\'u}blica},
  pages={47--57},
  year={2010},
  publisher={Escola Nacional de Sa{\'u}de P{\'u}blica}
}

%%http://im.med.up.pt/epr/epr.html
@webpage{regclinelect,
  title={Registos Cl{\'i}nicos Electr{\'o}nicos},
  url={http://im.med.up.pt/epr/epr.html},
  data={04-12-2017},
  month={Dezembro},
  year={2017}
}

%%46b173b0f82ebc72dbd3dced710b30e469de.pdf
@inproceedings{meingast2006security,
  title={Security and privacy issues with health care information technology},
  author={Meingast, Marci and Roosta, Tanya and Sastry, Shankar},
  booktitle={Engineering in Medicine and Biology Society, 2006. EMBS'06. 28th Annual International Conference of the IEEE},
  pages={5453--5458},
  year={2006},
  organization={IEEE}
}

%%0cc8456950acc93553591f4a79b138bbeaf0.pdf
@article{bos2014private,
  title={Private predictive analysis on encrypted medical data},
  author={Bos, Joppe W and Lauter, Kristin and Naehrig, Michael},
  journal={Journal of biomedical informatics},
  volume={50},
  pages={234--243},
  year={2014},
  publisher={Elsevier}
}

%%https://www.ccip.pt/pt/newsletter-juris/1241-o-novo-regulamento-de-proteccao-de-dados-parte-vii
@webpage{rgpd2018,
  title={O Novo Regulamento de Prote{\c{c}}{\~a}o de Dados: Parte VII},
  url={https://www.ccip.pt/pt/newsletter-juris/1241-o-novo-regulamento-de-proteccao-de-dados-parte-vii},
  data={15-12-2017},
  month={Dezembro},
  year={2017}
}

%%http://aprendis.gim.med.up.pt/index.php/SONHO
@webpage{sonho,
  title={SONHO},
  url={http://aprendis.gim.med.up.pt/index.php/SONHO},
  data={17-12-2017},
  month={Dezembro},
  year={2017}
}

%%http://aprendis.gim.med.up.pt/index.php/SONHO#M.C3.B3dulos_.5B7.5D
@webpage{sonho2013,
  title={SONHO},
  url={http://aprendis.gim.med.up.pt/index.php/SONHO\#M.C3.B3dulos_.5B7.5D},
  data={17-12-2017},
  month={Dezembro},
  year={2017}
}

%%http://aprendis.gim.med.up.pt/index.php/SINUS
@webpage{sinus,
  title={SINUS},
  url={http://aprendis.gim.med.up.pt/index.php/SINUS},
  data={17-12-2017},
  month={Dezembro},
  year={2017}
}

%%http://spms.min-saude.pt/product/area-cidadao/
@webpage{rse,
  title={RSE – Registo de Saúde Electr{\'o}nico},
  url={http://spms.min-saude.pt/product/area-cidadao/},
  data={17-12-2017},
  month={Dezembro},
  year={2017}
}